<?xml version="1.0" encoding="utf-8"?>
<record xmlns="http://www.loc.gov/MARC21/slim" xmlns:xsi="http://www.w3.org/2001/XMLSchema-instance" xsi:schemaLocation="http://www.loc.gov/MARC21/slim http://www.loc.gov/standards/marcxml/schema/MARC21slim.xsd">
	<leader>     nam a22     Mi 4500</leader>
	<controlfield tag="001">b12482651</controlfield>
	<controlfield tag="003">LeBAU</controlfield>
	<controlfield tag="006">m        d        </controlfield>
	<controlfield tag="007">cr cn |||m|||a</controlfield>
	<controlfield tag="008">210713s1954    le      ob    000 0 ara d</controlfield>
	<datafield ind1=" " ind2=" " tag="040">
		<subfield code="a">ZYU</subfield>
		<subfield code="b">ara</subfield>
		<subfield code="e">rda</subfield>
		<subfield code="c">ZYU</subfield>
	</datafield>
	<datafield ind1="0" ind2="4" tag="082">
		<subfield code="a">492.73</subfield>
		<subfield code="2">23</subfield>
	</datafield>
	<datafield ind1="1" ind2=" " tag="100">
		<subfield code="6">880-01</subfield>
		<subfield code="a">Furayḥah, Anīs,</subfield>
		<subfield code="d">1903-.</subfield>
		<subfield code="e">author.</subfield>
		<subfield code="0">https://lccn.loc.gov/n82268128 ,</subfield>
	</datafield>
	<datafield ind1="1" ind2="0" tag="245">
		<subfield code="6">880-02</subfield>
		<subfield code="a">Naẓrah fī muʻjam al-shaykh ʻAbd Allāh al-ʻAlāyilī /</subfield>
		<subfield code="c">Anīs Furayḥah.</subfield>
	</datafield>
	<datafield ind1=" " ind2="1" tag="264">
		<subfield code="6">880-03</subfield>
		<subfield code="a">[Bayrūt] :</subfield>
		<subfield code="b">Majallat al-Abḥāth,</subfield>
		<subfield code="c">1954.</subfield>
	</datafield>
	<datafield ind1=" " ind2=" " tag="300">
		<subfield code="6">880-04</subfield>
		<subfield code="a">online resource (208-225 pages)</subfield>
	</datafield>
	<datafield ind1=" " ind2=" " tag="336">
		<subfield code="a">text</subfield>
		<subfield code="2">rdacontent</subfield>
	</datafield>
	<datafield ind1=" " ind2=" " tag="337">
		<subfield code="a">computer</subfield>
		<subfield code="2">rdamedia</subfield>
	</datafield>
	<datafield ind1=" " ind2=" " tag="338">
		<subfield code="a">online resource</subfield>
		<subfield code="2">rdacarrier</subfield>
	</datafield>
	<datafield ind1=" " ind2=" " tag="500">
		<subfield code="a">Part of the Arabic Collections Online (ACO) project, contributed by American University of Beirut's Jafet Memorial Library.</subfield>
	</datafield>
	<datafield ind1=" " ind2=" " tag="533">
		<subfield code="a">Electronic reproduction.</subfield>
		<subfield code="b">New York, N.Y. :</subfield>
		<subfield code="c">New York University,</subfield>
		<subfield code="d">2021.</subfield>
		<subfield code="5">NNU</subfield>
	</datafield>
	<datafield ind1="1" ind2="0" tag="600">
		<subfield code="6">880-05</subfield>
		<subfield code="a">ʻAlayili, ʻAbd Allah.</subfield>
		<subfield code="t">Muʻjam.</subfield>
	</datafield>
	<datafield ind1=" " ind2="0" tag="650">
		<subfield code="6">880-06</subfield>
		<subfield code="a">Arabic language</subfield>
		<subfield code="v">Dictionaries</subfield>
		<subfield code="x">History.</subfield>
	</datafield>
	<datafield ind1=" " ind2="0" tag="650">
		<subfield code="6">880-07</subfield>
		<subfield code="a">Arabic language</subfield>
		<subfield code="x">Lexicography.</subfield>
	</datafield>
	<datafield ind1="2" ind2=" " tag="710">
		<subfield code="a">Jafet Memorial Library.</subfield>
	</datafield>
	<datafield ind1="0" ind2=" " tag="730">
		<subfield code="a">Arabic Collections Online.</subfield>
	</datafield>
	<datafield ind1="0" ind2=" " tag="773">
		<subfield code="6">880-08</subfield>
		<subfield code="t">Abḥāth : majallah sanawīyah muḥakkamah, tu'ná bi-al-dirāsāt al-'arabīyah wa-dirāsāt al-Sharq al-Awsaṭ.</subfield>
		<subfield code="d">Ḥazīrān 1954</subfield>
		<subfield code="g">al-sanah 7.</subfield>
		<subfield code="g">1954</subfield>
		<subfield code="w">(LEAUB)b12874000</subfield>
	</datafield>
	<datafield ind1="0" ind2="8" tag="776">
		<subfield code="i">Print version:</subfield>
		<subfield code="a">Furayḥah, Anīs, 1903-. author. https://lccn.loc.gov/n82268128 ,</subfield>
		<subfield code="t">Naẓrah fī muʻjam al-shaykh ʻAbd Allāh al-ʻAlāyilī</subfield>
		<subfield code="w">(LeBAU)b12482651</subfield>
	</datafield>
	<datafield ind1="0" ind2="8" tag="787">
		<subfield code="6">880-09</subfield>
		<subfield code="i">is critique of (work)</subfield>
		<subfield code="4">http://rdaregistry.info/Elements/w/P10182 :</subfield>
		<subfield code="a">ʻAlāyilī, ʻAbd Allāh.</subfield>
		<subfield code="t">Muʻjam : mawsūʻah lughawīyah, ʻilmīyah, fannīyah.</subfield>
		<subfield code="b">Ṭabʻah thānīyah, munaqqaḥah wa-mazīdah.</subfield>
		<subfield code="d">Bayrūt : Dār al-Muʻjam al-ʻArabī, 1374 H. = 1954 M. M.</subfield>
		<subfield code="w">(OCoLC)1041871734</subfield>
		<subfield code="w">(OCoLC)1041871734</subfield>
	</datafield>
	<datafield ind1="4" ind2="0" tag="856">
		<subfield code="u">http://hdl.handle.net/2333.1/w9ghxf4b</subfield>
	</datafield>
	<datafield ind1="1" ind2=" " tag="880">
		<subfield code="6">100-01</subfield>
		<subfield code="a">فريحة، انيس،</subfield>
		<subfield code="d">1903-</subfield>
		<subfield code="0">https://lccn.loc.gov/n82268128 ,</subfield>
		<subfield code="e">مؤلف.</subfield>
		<subfield code="4">aut.</subfield>
	</datafield>
	<datafield ind1="1" ind2="0" tag="880">
		<subfield code="6">245-02</subfield>
		<subfield code="a">نظرة في معجم الشيخ عبد الله العلايلي /</subfield>
		<subfield code="c">آنيس فريحة.</subfield>
	</datafield>
	<datafield ind1=" " ind2="1" tag="880">
		<subfield code="6">264-03</subfield>
		<subfield code="a">[بيروت] :</subfield>
		<subfield code="b">مجلة الأبحاث،</subfield>
		<subfield code="c">1954.</subfield>
	</datafield>
	<datafield ind1=" " ind2=" " tag="880">
		<subfield code="6">300-04</subfield>
		<subfield code="a">208-225 صفحة ؛</subfield>
		<subfield code="c">28 سم</subfield>
	</datafield>
	<datafield ind1=" " ind2=" " tag="880">
		<subfield code="6">500-00</subfield>
		<subfield code="a">&quot;عن مجلة الابحاث الجزء الثاني، السنة 7، حزيران 1954، ص. 208-225.&quot;</subfield>
	</datafield>
	<datafield ind1=" " ind2=" " tag="880">
		<subfield code="6">504-00</subfield>
		<subfield code="a">يتضمن مراجع ببليوغرافية.</subfield>
	</datafield>
	<datafield ind1="1" ind2="4" tag="880">
		<subfield code="6">600-05</subfield>
		<subfield code="a">العلايلي، عبد الله.</subfield>
		<subfield code="t">المعجم.</subfield>
	</datafield>
	<datafield ind1=" " ind2="4" tag="880">
		<subfield code="6">650-06</subfield>
		<subfield code="a">اللغة العربية</subfield>
		<subfield code="v">قواميس</subfield>
		<subfield code="x">تاريخ.</subfield>
	</datafield>
	<datafield ind1=" " ind2="4" tag="880">
		<subfield code="6">650-07</subfield>
		<subfield code="a">اللغة العربية</subfield>
		<subfield code="x">صناعة المعجم.</subfield>
	</datafield>
	<datafield ind1="0" ind2=" " tag="880">
		<subfield code="6">773-08</subfield>
		<subfield code="t">الأبحاث : مجلة سنوية محكمة، تعنى بالدراسات العربية ودراسات الشرق الأوسط. .</subfield>
		<subfield code="g">al-juzʼ al-thānī.</subfield>
		<subfield code="g">السنة 7</subfield>
		<subfield code="g">حزيران</subfield>
		<subfield code="w">(LEAUB)b12874000</subfield>
	</datafield>
	<datafield ind1="0" ind2="8" tag="880">
		<subfield code="6">787-09</subfield>
		<subfield code="i">نقد (عمل)</subfield>
		<subfield code="4">http://rdaregistry.info/Elements/w/P10182 :</subfield>
		<subfield code="a">العلايلي، عبد الله.</subfield>
		<subfield code="t">المعجم : موسوعة لغوية علمية فنية.</subfield>
		<subfield code="b">طبعة ثانية، منقحة ومزيدة.</subfield>
		<subfield code="d">بيروت : دار المعجم العربي، 1374 هـ. = 1954 م.</subfield>
		<subfield code="w">(LEAUB)b12783195</subfield>
		<subfield code="w">(OCoLC)1041871734</subfield>
	</datafield>
	<datafield ind1=" " ind2=" " tag="959">
		<subfield code="a">NNU</subfield>
		<subfield code="b">WEB</subfield>
		<subfield code="c">GENI</subfield>
		<subfield code="t">0</subfield>
		<subfield code="m">Electronic access</subfield>
		<subfield code="s">01</subfield>
	</datafield>
	<datafield ind1=" " ind2=" " tag="999">
		<subfield code="i">LeBAU_b12482651</subfield>
		<subfield code="s">aub_aco004332</subfield>
		<subfield code="e">(ERROR-MISC)</subfield>
		<subfield code="s">aub_aco004332</subfield>
	</datafield>
</record>
